@STRING{actabioth = "Acta Biotheor."}
@STRING{actabotbr = "Acta Bot. Bras."}
@STRING{actaoecol = "Acta \OE col."}
@STRING{actaoecolg = "Acta \OE col. \OE col. Gen."}
@STRING{advappprob = "Adv. Appl. Probab."}
@STRING{advchemphys = "Adv. Chem. Phys."}
@STRING{advecolres = "Adv. Ecol. Res."}
@STRING{afs = "Ann. For. Sci."}
@STRING{afrjecol = "Afr. J. Ecol."}
@STRING{agrfor = "Agric. For. Meteorol."}
@STRING{agrj = "Agron. J."}
@STRING{agrosys = "Agrofor. Syst."}
@STRING{agrotrop = "Agron. Tropic."}
@STRING{agrsyst = "Agr. Syst."}
@STRING{amjbot = "Am. J. Bot."}
@STRING{amjphysan = "Am. J. Phys. Anthropol."}
@STRING{amnat = "Am. Nat."}
@STRING{amstat = "Am. Statistician"}
@STRING{annagron = "Ann. Agron."}
@STRING{annbot = "Ann. Bot."}
@STRING{annhumgen = "Ann. Hum. Genetics"}
@STRING{anninstmath = "Ann. Inst. Statist. Math."}
@STRING{annisup = "Ann. I.S.U.P."}
@STRING{annlimno = "Ann. Limnol."}
@STRING{annmagnat = "Ann. Mag. Nat. Hist., 8th Ser."}
@STRING{annmathstat = "Ann. Math. Statist."}
@STRING{annrevecolsys = "Annu. Rev. Ecol. Syst."}
@STRING{annstat = "Ann. Statist."}
@STRING{appmathlet = "Appl. Math. Let."}
@STRING{appstat = "Appl. Stat."}
@STRING{asf = "Ann. Sci. For."}
@STRING{astaasa = "AStA Adv. Stat. Anal."}
@STRING{austjecol = "Aust. J. Ecol."}
@STRING{austrang = "Aust. Rangeland J."}
@STRING{base = "Biotechnol. Agron. Soc. Environ."}
@STRING{biodivcons = "Biodivers. Conserv."}
@STRING{biolcons = "Biol. Conserv."}
@STRING{biolgabon = "Biol. Gabon."}
@STRING{biolrev = "Biol. Rev."}
@STRING{biolrevcamb = "Biol. Rev. Camb. Philos. Soc."}
@STRING{biomj = "Biometrical J."}
@STRING{biometrics = "Biometrics"}
@STRING{biometrika = "Biometrika"}
@STRING{bioscience = "BioScience"}
@STRING{bft = "Bois For. Trop."}
@STRING{bullammeteo = "Bull. Am. Meteorol. Soc."}
@STRING{bullammus = "Bull. Am. Mus. Nat. Hist."}
@STRING{bulliistat = "Bull. Inst. Int. Stat."}
@STRING{bulltorrey = "Bull. Torrey Bot. Club"}
@STRING{bullusnat = "Bull. US Nat. Museum"}
@STRING{cahandon = "Cah. Anal. Donn."}
@STRING{cahorstom = "Cah. ORSTOM, S\'{e}r. Sci. Hum."}
@STRING{cahorstomb = "Cah. ORSTOM, S\'{e}r. Biol."}
@STRING{candol = "Candollea (Gen\`{e}ve)"}
@STRING{canjagrecon = "Can. J. Agr. Econ."}
@STRING{canjbot = "Can. J. Bot."}
@STRING{canjfish = "Can. J. Fish. Aquat. Sci."}
@STRING{canjfor = "Can. J. For. Res."}
@STRING{canjstat = "Can. J. Stat."}
@STRING{canopee = "Canop\'{e}e"}
@STRING{climchg = "Climatic Change"}
@STRING{climres = "Climate Res."}
@STRING{collmath = "Coll. Math. J."}
@STRING{comforrev = "Common. For. Rev."}
@STRING{compapp = "Comput. Appl. Biosci."}
@STRING{compstat = "Computation. Stat."}
@STRING{compstatdat = "Comput. Stat. Data An."}
@STRING{compj = "Comput. J."}
@STRING{comstattm = "Commun. Stat. Theory"}
@STRING{consbiol = "Conserv. Biol."}
@STRING{conslett = "Conserv. Lett."}
@STRING{cradsci = "C. R. Acad. Sci. D"}
@STRING{crbiol = "C. R. Biol."}
@STRING{ecolapp = "Ecol. Appl."}
@STRING{ecolcomp = "Ecol. Complex."}
@STRING{ecolecon = "Ecol. Econ."}
@STRING{ecolinfo = "Ecol. Inform."}
@STRING{ecolmod = "Ecol. Model."}
@STRING{ecolmono = "Ecol. Monogr."}
@STRING{ecology = "Ecology"}
@STRING{ecollet = "Ecol. Lett."}
@STRING{ecolres = "Ecol. Res."}
@STRING{ecolsoc = "Ecol. Soc."}
@STRING{ecolwest = "Ecol. West. North Am."}
@STRING{elektro = "Elektron. Informationsverarb. Kybernet."}
@STRING{envcons = "Environ. Conserv."}
@STRING{envdeveco = "Environ. Dev. Econ."}
@STRING{envecolstat = "Environ. Ecol. Stat."}
@STRING{envimpass = "Environ. Impact Assess. Rev."}
@STRING{envreslet = "Environ. Res. Lett."}
@STRING{envrev = "Environ. Rev."}
@STRING{esaimprob = "ESAIM Probab. Stat."}
@STRING{espgeogr = "Espace G\'{e}ogr."}
@STRING{fbmis = "For. Biometry Model. Inform. Sci."}
@STRING{folprimat = "Folia Primatol."}
@STRING{forchron = "For. Chron."}
@STRING{forecol = "For. Ecol. Manag."}
@STRING{forsci = "For. Sci."}
@STRING{forscimono = "For. Sci. Monog."}
@STRING{forstholz = "Forst. und Holzwirt"}
@STRING{freshbiol = "Freshwater Biol."}
@STRING{frontecol = "Front. Ecol. Environ."}
@STRING{functecol = "Funct. Ecol."}
@STRING{geoanal = "Geogr. Anal."}
@STRING{geomag = "Geogr. Mag."}
@STRING{geophysres = "Geophys. Res. Lett."}
@STRING{ghajfor = "Ghana J. For."}
@STRING{globchang = "Global Change Biol."}
@STRING{ieeen = "IEEE Trans. Neural Networ."}
@STRING{ieeep = "IEEE Trans. Pattern Anal. Mach. Intell."}
@STRING{imajmath = "IMA J. Math. Appl. Med. Biol."}
@STRING{intforrev = "Int. For. Rev."}
@STRING{intjclim = "Int. J. Climatol."}
@STRING{intjhealth = "Int. J. Health Geogr."}
@STRING{intjwild = "Int. J. Wildland Fire"}
@STRING{intstat = "Int. Stat. Rev."}
@STRING{intransop = "Int. Trans. Oper. Res."}
@STRING{jabes = "J. Agric. Biol. Environ. Stat."}
@STRING{jagrisci = "J. Agric. Sci."}
@STRING{jagritrop = "J. Agric. Tropic. Bot. Appl."}
@STRING{janimecol = "J. Anim. Ecol."}
@STRING{japjecol = "Jpn. J. Ecol."}
@STRING{jappecol = "J. Appl. Ecol."}
@STRING{jappphysio = "J. Appl. Physiol."}
@STRING{jappprob = "J. Appl. Probab."}
@STRING{jappstat = "J. Appl. Stat."}
@STRING{jaridenv = "J. Arid Environ."}
@STRING{jasa = "J. Am. Statist. Assoc."}
@STRING{jbiogeo = "J. Biogeogr."}
@STRING{jbiolosaka = "J. Biol. Osaka City Univ."}
@STRING{jchemphys = "J. Chem. Phys."}
@STRING{jclassif = "J. Classif."}
@STRING{jclimat = "J. Climate"}
@STRING{jcompgraph = "J. Comput. Graph. Stat."}
@STRING{jcompdatan = "J. Comput. Stat. Data An."}
@STRING{jecol = "J. Ecol."}
@STRING{jenvman = "J. Environ. Manag."}
@STRING{jfor = "J. For."}
@STRING{jforeng = "J. For. Eng."}
@STRING{jforsci = "J. For. Sci."}
@STRING{jhumevol = "J. Hum. Evol."}
@STRING{jhydro = "J. Hydrol."}
@STRING{jjapeng = "J. Jap. For. Eng. Assoc."}
@STRING{jjapfor = "J. Japan. Forest. Soc."}
@STRING{jmamma = "J. Mammal."}
@STRING{jmathbiol = "J. Math. Biol."}
@STRING{jmicro = "J. Microscop."}
@STRING{jmultanal = "J. Multivariate Anal."}
@STRING{jnambenthol = "J. North Am. Benthol. Soc."}
@STRING{jphyto = "J. Phytopathol."}
@STRING{jrangemanag = "J. Range Manage."}
@STRING{jrealest = "J. Real Estate Res."}
@STRING{jrstat = "J. Roy. Stat. Soc."}
@STRING{jrstatA = "J. Roy. Stat. Soc. A"}
@STRING{jrstatB = "J. Roy. Stat. Soc. B"}
@STRING{jrstatC = "J. Roy. Stat. Soc. C (App. Stat.)"}
@STRING{jstatcomp = "J. Stat. Comput. Sim."}
@STRING{jstatphys = "J. Stat. Phys."}
@STRING{jstatplan = "J. Stat. Plan. Infer."}
@STRING{jstatsoft = "J. Stat. Software"}
@STRING{jsustfor = "J. Sustain. For."}
@STRING{jthbiol = "J. Theor. Biol."}
@STRING{jtropec = "J. Trop. Ecol."}
@STRING{jtropforsci = "J. Trop. For. Sci."}
@STRING{jveg = "J. Veg. Sci."}
@STRING{jvertpaleo = "J. Vertebr. Paleontol."}
@STRING{jwestafrsci = "J. West Afr. Sci. Assoc."}
@STRING{jwildman = "J. Wildl. Manag."}
@STRING{jzoo = "J. Zool."}
@STRING{landecol = "Landscape Ecol."}
@STRING{malfor = "Malay. For."}
@STRING{mathbiosci = "Math. Biosci."}
@STRING{mathnat = "Math. Nachr."}
@STRING{memfacsciE = "Mem. Fac. Sci. Kyushu Univ. Ser. E"}
@STRING{memifan = "M\'{e}m. Inst. Fondam. Afr. Noire"}
@STRING{methcomp = "Methodol. Comput. Appl. Probab."}
@STRING{monthweath = "Mon. Weather Rev."}
@STRING{natlifeasia = "Nat. Life Southeast Asia"}
@STRING{natresmod = "Nat. Resour. Model."}
@STRING{neurcomp = "Neural Comput."}
@STRING{newzealjfor = "New Zeal. J. For."}
@STRING{northjappfor = "North. J. Appl. For."}
@STRING{northsci = "Northwest Sci."}
@STRING{nummath = "Numer. Math."}
@STRING{oecologia = "Oecologia"}
@STRING{oikos = "Oikos"}
@STRING{operbot = "Opera Bot."}
@STRING{pammaths = "P. Am. Math. Soc."}
@STRING{persppees = "Perspect. Plant. Ecol. Evol. Syst."}
@STRING{philtransB = "Philos. Trans. R. Soc. Lond., B Biol. Sci."}
@STRING{physioecol = "Physiol. Ecol. (Kyoto)"}
@STRING{physrevB = "Phys. Rev. B"}
@STRING{physrevlet = "Phys. Rev. Let."}
@STRING{plantecol = "Plant Ecol."}
@STRING{plantsoil = "Plant Soil"}
@STRING{plantspebiol = "Plant Spec. Biol."}
@STRING{plosbiol = "PLoS Biol."}
@STRING{ploscompbiol = "PLoS Comput. Biol."}
@STRING{pnas = "P. Natl. Acad. Sci. USA"}
@STRING{politanal = "Polit. Anal."}
@STRING{popecol = "Popul. Ecol."}
@STRING{procbossoc = "P. Boston Soc. Nat. Hist."}
@STRING{procroysocA = "P. Roy. Soc. Lond. A"}
@STRING{procroysocB = "P. Roy. Soc. Lond. B"}
@STRING{proczoosoc = "P. Zool. Soc. Lond."}
@STRING{quajroymet = "Quart. J. Royal Meteorol. Soc."}
@STRING{randstralg = "Random Struct. Algor."}
@STRING{respopbiol = "Res. Popul. Ecol."}
@STRING{revbioltrop = "Rev. Biol. Trop."}
@STRING{revbotapp = "Rev. Int. Bot. Appl. Agric. Tropic."}
@STRING{revbras = "Rev. Bras. Cartogr."}
@STRING{revbrastat = "Rev. Bras. Estat."}
@STRING{revecol = "Rev. \'{E}col. (Terre et Vie)"}
@STRING{revstatapp = "Rev. Stat. Appl."}
@STRING{scandjstat = "Scand. J. Statist."}
@STRING{scanjfor = "Scand. J. For. Res."}
@STRING{science = "Science"}
@STRING{silvafenn = "Silva Fenn."}
@STRING{silvatrop = "Silvaecult. Trop. Subtrop."}
@STRING{southasia = "Southeast Asian Stud."}
@STRING{southjappfor = "South. J. Appl. For."}
@STRING{statcomp = "Stat. Comput."}
@STRING{statmed = "Stat. Med."}
@STRING{statneerl = "Statist. Neerl."}
@STRING{statprob = "Stat. Probabil. Lett."}
@STRING{statsci = "Stat. Sci."}
@STRING{stochmod = "Stoch. Models"}
@STRING{stochproc = "Stoch. Proc. Appl."}
@STRING{stuforsue = "Stud. For. Suec."}
@STRING{survmap = "Survey. Map."}
@STRING{sustainsci = "Sustain. Sci."}
@STRING{systzoo = "Syst. Zool."}
@STRING{terrevie = "Terre Vie"}
@STRING{thappgen = "Theor. Appl. Genet."}
@STRING{tpb = "Theor. Pop. Biol."}
@STRING{tree = "Trends Ecol. Evol."}
@STRING{treessf = "Trees--Struct. Funct."}
@STRING{tropecol = "Trop. Ecol."}
@STRING{tropforup = "Trop. For. Update"}
@STRING{vegeta = "Vegetatio"}
@STRING{westjappfor = "West. J. Appl. For."}
@STRING{wiresclim = "WIRes. Clim. Change"}

@STRING{usda = "USDA For. Serv."}
@STRING{gentech = "Gen. Tech. Rep."}
