@STRING{actabioth = "Acta Biotheoretica"}
@STRING{actabotbr = "Acta Botanica Brasilica"}
@STRING{actaoecol = "Acta \OE cologica"}
@STRING{actaoecolg = "Acta \OE cologica, \OE cologia Generalis"}
@STRING{advappprob = "Advances in Applied Probability (SGSA)"}
@STRING{advchemphys = "Advances in Chemical Physics"}
@STRING{advecolres = "Advances in Ecological Research"}
@STRING{afs = "Annals of Forest Science"}
@STRING{afrjecol = "African Journal of Ecology"}
@STRING{agrfor = "Agricultural and Forest Meteorology"}
@STRING{agrj = "Agronomy Journal"}
@STRING{agrosys = "Agroforestry Systems"}
@STRING{agrotrop = "Agronomie Tropicale"}
@STRING{agrsyst = "Agricultural Systems"}
@STRING{amjbot = "American Journal of Botany"}
@STRING{amjphysan = "American Journal of Physical Anthropology"}
@STRING{amnat = "American Naturalist"}
@STRING{amstat = "The American Statistician"}
@STRING{annagron = "Annals of Agronomy"}
@STRING{annbot = "Annals of Botany"}
@STRING{annhumgen = "Annals of Human Genetics"}
@STRING{anninstmath = "Annals of the Institute of Statistical Mathematics"}
@STRING{annisup = "Annales de l'Institut de Statistique de l'Université Paris"}
@STRING{annlimno = "Annales de Limnologie"}
@STRING{annmagnat = "Annals and Magazine of Natural History, 8th Series"}
@STRING{annmathstat = "Annals of Mathematical Statistics"}
@STRING{annrevecolsys = "Annual Review of Ecology and Systematics"}
@STRING{annstat = "Annals of Statistics"}
@STRING{appmathlet = "Applied Mathematics Letters"}
@STRING{appstat = "Applied Statistics"}
@STRING{asf = "Annales des Sciences Foresti\`eres"}
@STRING{astaasa = "AStA Advances in Statistical Analysis"}
@STRING{austjecol = "Australian Journal of Ecology"}
@STRING{austrang = "Australian Rangeland Journal"}
@STRING{base = "Biotechnologie, Agronomie, Soci\'{e}t\'{e} et Environnement"}
@STRING{biodivcons = "Biodiversity and Conservation"}
@STRING{biolcons = "Biological Conservation"}
@STRING{biolgabon = "Biologica Gabonica"}
@STRING{biolrev = "Biological Reviews"}
@STRING{biolrevcamb = "Biological Reviews of the Cambridge Philosophical Society"}
@STRING{biomj = "Biometrical Journal"}
@STRING{biometrics = "Biometrics"}
@STRING{biometrika = "Biometrika"}
@STRING{bioscience = "BioScience"}
@STRING{bft = "Bois et For\^ets des Tropiques"}
@STRING{bullammeteo = "Bulletin of the American Meteorological Society"}
@STRING{bullammus = "Bulletin of the American Museum of Natural History"}
@STRING{bulliistat = "Bulletin of the International Statistical Institute"}
@STRING{bulltorrey = "Bulletin of the Torrey Botanical Club"}
@STRING{bullusnat = "Bulletin of the United States National Museum"}
@STRING{cahandon = "Les Cahiers de l'Analyse de Donn\'ees"}
@STRING{cahorstom = "Cahiers ORSTOM, S\'{e}rie Sciences Humaines"}
@STRING{cahorstomb = "Cahiers ORSTOM, S\'{e}rie Biologie"}
@STRING{candol = "Candollea (Gen\`eve)"}
@STRING{canjagrecon = "Canadian Journal of Agricultural Economics"}
@STRING{canjbot = "Canadian Journal of Botany"}
@STRING{canjfish = "Canadian Journal of Fisheries and Aquatic Sciences"}
@STRING{canjfor = "Canadian Journal of Forest Research"}
@STRING{canjstat = "Canadian Journal of Statistics"}
@STRING{canopee = "Canop\'{e}e, Bulletin sur l'Environnement en Afrique Centrale"}
@STRING{climchg = "Climatic Change"}
@STRING{climres = "Climate Research"}
@STRING{collmath = "College Mathematics Journal"}
@STRING{comforrev = "Commonwealth Forestry Review"}
@STRING{compapp = "Computer Applications in the Biosciences"}
@STRING{compstat = "Computational Statistics"}
@STRING{compstatdat = "Computational Statistics and Data Analysis"}
@STRING{compj = "Computer Journal"}
@STRING{comstattm = "Communications in Statistics--Theory and Methods"}
@STRING{consbiol = "Conservation Biology"}
@STRING{conslett = "Conservation Letters"}
@STRING{cradsci = "Comptes Rendus de l'Acad\'emie des Sciences de Paris, s\'erie D"}
@STRING{crbiol = "Comptes Rendus Biologies"}
@STRING{ecolapp = "Ecological Applications"}
@STRING{ecolcomp = "Ecological Complexity"}
@STRING{ecolecon = "Ecological Economics"}
@STRING{ecolinfo = "Ecological Informatics"}
@STRING{ecolmod = "Ecological Modelling"}
@STRING{ecolmono = "Ecological Monographs"}
@STRING{ecology = "Ecology"}
@STRING{ecollet = "Ecology Letters"}
@STRING{ecolres = "Ecological Research"}
@STRING{ecolsoc = "Ecology and Society"}
@STRING{ecolwest = "Ecology of Western North America"}
@STRING{elektro = "Elektronische Informationsverarbeitung und Kybernetik"}
@STRING{envcons = "Environmental Conservation"}
@STRING{envdeveco = "Environment and Development Economics"}
@STRING{envecolstat = "Environmental and Ecological Statistics"}
@STRING{envimpass = "Environmental Impact Assessment Review"}
@STRING{envreslet = "Environmental Research Letters"}
@STRING{envrev = "Environmental Reviews"}
@STRING{esaimprob = "ESAIM: Probability and Statistics"}
@STRING{espgeogr = "L'Espace G\'{e}ographique"}
@STRING{fbmis = "Forest Biometry, Modelling and Information Science"}
@STRING{folprimat = "Folia Primatologica"}
@STRING{forchron = "Forestry Chronicle"}
@STRING{forecol = "Forest Ecology and Management"}
@STRING{forsci = "Forest Science"}
@STRING{forscimono = "Forest Science Monographs"}
@STRING{forstholz = "Der Forst und Holzwirt"}
@STRING{freshbiol = "Freshwater Biology"}
@STRING{frontecol = "Frontiers in Ecology and the Environment"}
@STRING{functecol = "Functional Ecology"}
@STRING{geoanal = "Geographical Analysis"}
@STRING{geomag = "Geographical Magazine"}
@STRING{geophysres = "Geophysical Research Letters"}
@STRING{ghajfor = "Ghana Journal of Forestry"}
@STRING{globchang = "Global Change Biology"}
@STRING{ieeen = "IEEE Transactions on Neural Networks"}
@STRING{ieeep = "IEEE Transactions on Pattern Analysis and Machine Intelligence"}
@STRING{imajmath = "IMA Journal of Mathematics Applied in Medecine \& Biology"}
@STRING{intforrev = "International Forestry Review"}
@STRING{intjclim = "International Journal of Climatology"}
@STRING{intjhealth = "International Journal of Health Geographics"}
@STRING{intjwild = "International Journal of Wildland Fire"}
@STRING{intstat = "International Statistical Review"}
@STRING{intransop = "International Transactions of Operations Research"}
@STRING{jabes = "Journal of Agricultural Biological and Environmental statistics"}
@STRING{jagrisci = "Journal of Agricultural Science"}
@STRING{jagritrop = "Journal d'Agriculture Tropicale et de Botanique Appliqu\'ee"}
@STRING{janimecol = "Journal of Animal Ecology"}
@STRING{japjecol = "Japanese Journal of Ecology"}
@STRING{jappecol = "Journal of Applied Ecology"}
@STRING{jappphysio = "Journal of Applied Physiology"}
@STRING{jappprob = "Journal of Applied Probability"}
@STRING{jappstat = "Journal of Applied Statistics"}
@STRING{jaridenv = "Journal of Arid Environments"}
@STRING{jasa = "Journal of the American Statistical Association"}
@STRING{jbiogeo = "Journal of Biogeography"}
@STRING{jbiolosaka = "Journal of Biology of Osaka City University"}
@STRING{jchemphys = "Journal of Chemical Physics"}
@STRING{jclassif = "Journal of Classification"}
@STRING{jclimat = "Journal of Climate"}
@STRING{jcompgraph = "Journal of Computational and Graphical Statistics"}
@STRING{jcompdatan = "Journal of Computational Statistics and Data Analysis"}
@STRING{jecol = "Journal of Ecology"}
@STRING{jenvman = "Journal of Environmental Management"}
@STRING{jfor = "Journal of Forestry"}
@STRING{jforeng = "Journal of Forest Engineering"}
@STRING{jforsci = "Journal of Forest Science"}
@STRING{jhumevol = "Journal of Human Evolution"}
@STRING{jhydro = "Journal of Hydrology"}
@STRING{jjapeng = "Journal of the Japan Forest Engineering Association"}
@STRING{jjapfor = "Journal of the Japanese Forestry Society"}
@STRING{jmamma = "Journal of Mammalogy"}
@STRING{jmathbiol = "Journal of Mathematical Biology"}
@STRING{jmicro = "Journal of Microscopy"}
@STRING{jmultanal = "Journal of Multivariate Analysis"}
@STRING{jnambenthol = "Journal of the North American Benthological Society"}
@STRING{jphyto = "Journal of Phytopathology"}
@STRING{jrangemanag = "Journal of Range Management"}
@STRING{jrealest = "Journal of Real Estate Research"}
@STRING{jrstat = "Journal of the Royal Statistical Society"}
@STRING{jrstatA = "Journal of the Royal Statistical Society, Series A"}
@STRING{jrstatB = "Journal of the Royal Statistical Society, Series B"}
@STRING{jrstatC = "Journal of the Royal Statistical Society, Series C (Applied Statistics)"}
@STRING{jstatcomp = "Journal of Statistical Computation and Simulation"}
@STRING{jstatphys = "Journal of Statistical Physics"}
@STRING{jstatplan = "Journal of Statistical Planning and Inference"}
@STRING{jstatsoft = "Journal of Statistical Software"}
@STRING{jsustfor = "Journal of Sustainable Forestry"}
@STRING{jthbiol = "Journal of Theoretical Biology"}
@STRING{jtropec = "Journal of Tropical Ecology"}
@STRING{jtropforsci = "Journal of Tropical Forest Science"}
@STRING{jveg = "Journal of Vegetation Science"}
@STRING{jvertpaleo = "Journal of Vertebrate Paleontology"}
@STRING{jwestafrsci = "Journal of the West African Science Association"}
@STRING{jwildman = "Journal of Wildlife Management"}
@STRING{jzoo = "Journal of Zoology"}
@STRING{landecol = "Landscape Ecology"}
@STRING{malfor = "Malaysian Forester"}
@STRING{mathbiosci = "Mathematical Biosciences"}
@STRING{mathnat = "Mathematische Nachrichten"}
@STRING{memfacsciE = "Memoirs of the Faculty of Science, Kyushu University, Series E"}
@STRING{memifan = "M\'{e}moires de l'Institut Fondamental d'Afrique Noire"}
@STRING{methcomp = "Methodology and Computing in Applied Probability"}
@STRING{monthweath = "Monthly Weather Review"}
@STRING{natlifeasia = "Nature and Life in Southeast Asia"}
@STRING{natresmod = "Natural Resource Modeling"}
@STRING{neurcomp = "Neural Computation"}
@STRING{newzealjfor = "New Zealand Journal of Forestry"}
@STRING{northjappfor = "Northern Journal of Applied Forestry"}
@STRING{northsci = "Northwest Science"}
@STRING{nummath = "Numerische Mathematik"}
@STRING{oecologia = "{\OE}cologia (Berlin)"}
@STRING{oikos = "Oikos"}
@STRING{operbot = "Opera Botanica"}
@STRING{pammaths = "Proceedings of the American Mathematical Society"}
@STRING{persppees = "Perspectives in Plant Ecology, Evolution and Systematics"}
@STRING{philtransB = "Philosophical Transactions of the Royal Society of London. Series B, Biological Sciences"}
@STRING{physioecol = "Physiology and Ecology (Kyoto)"}
@STRING{physrevB = "Physical Review, Series B (Condensed Matter)"}
@STRING{physrevlet = "Physical Review Letters"}
@STRING{plantecol = "Plant Ecology"}
@STRING{plantsoil = "Plant and Soil"}
@STRING{plantspebiol = "Plant Species Biology"}
@STRING{plosbiol = "PLoS Biology"}
@STRING{ploscompbiol = "PLoS Computational Biology"}
@STRING{pnas = "Proceedings of the National Academy of Sciences of the United States of America"}
@STRING{politanal = "Political Analysis"}
@STRING{popecol = "Population Ecology"}
@STRING{procbossoc = "Proceedings of the Boston Society of Natural History"}
@STRING{procroysocA = "Proceedings of the Royal Society of London, Series A"}
@STRING{procroysocB = "Proceedings of the Royal Society of London, Series B"}
@STRING{proczoosoc = "Proceedings of the Zoological Society of London"}
@STRING{quajroymet = "Quarterly Journal of the Royal Meteorological Society"}
@STRING{randstralg = "Random Structures and Algorithms"}
@STRING{respopbiol = "Researches on Population Ecology"}
@STRING{revbioltrop = "Revista de Biolog\'{\i}a Tropical"}
@STRING{revbotapp = "Revue Internationale de Botanique Appliqu\'{e}e et d'Agriculture Tropicale"}
@STRING{revbras = "Revista Brasileira de Cartografia"}
@STRING{revbrastat = "Revista Brasileira de Estatistica"}
@STRING{revecol = "Revue d'\'{E}cologie (Terre et Vie)"}
@STRING{revstatapp = "Revue de Statistique Appliqu\'{e}e"}
@STRING{scandjstat = "Scandinavian Journal of Statistics"}
@STRING{scanjfor = "Scandinavian Journal of Forest Research"}
@STRING{science = "Science"}
@STRING{silvafenn = "Silva Fennica"}
@STRING{silvatrop = "Silvaecultura Tropica et Subtropica"}
@STRING{southasia = "Southeast Asian Studies"}
@STRING{southjappfor = "Southern Journal of Applied Forestry"}
@STRING{statcomp = "Statistics and Computing"}
@STRING{statmed = "Statistics in Medicine"}
@STRING{statneerl = "Statistica Neerlandica"}
@STRING{statprob = "Statistics and Probability Letters"}
@STRING{statsci = "Statistical Science"}
@STRING{stochmod = "Stochastic Models"}
@STRING{stochproc = "Stochastic Processes and their Applications"}
@STRING{stuforsue = "Studia Forestalia Suecica"}
@STRING{survmap = "Surveying and Mapping"}
@STRING{sustainsci = "Sustainability Science"}
@STRING{systzoo = "Systematic Zoology"}
@STRING{terrevie = "La Terre et la Vie"}
@STRING{thappgen = "Theoretical and Applied Genetics"}
@STRING{tpb = "Theoretical Population Biology"}
@STRING{tree = "Trends in Ecology and Evolution"}
@STRING{treessf = "Trees--Structure and Function"}
@STRING{tropecol = "Tropical Ecology"}
@STRING{tropforup = "Tropical Forest Update"}
@STRING{vegeta = "Vegetatio"}
@STRING{westjappfor = "Western Journal of Applied Forestry"}
@STRING{wiresclim = "Wiley Interdisciplinary Reviews: Climate Change"}

@STRING{usda = "USDA Forest Service"}
@STRING{gentech = "General Technical Report"}
