@Manual{R-base,
  title = {R: A Language and Environment for Statistical Computing},
  author = {{R Core Team}},
  organization = {R Foundation for Statistical Computing},
  address = {Vienna, Austria},
  year = {2020},
  url = {https://www.R-project.org/},
}

@Manual{R-bookdown,
  title = {bookdown: Authoring Books and Technical Documents with R Markdown},
  author = {Yihui Xie},
  year = {2020},
  note = {R package version 0.21},
  url = {https://github.com/rstudio/bookdown},
}

@Manual{R-DiagrammeR,
  title = {DiagrammeR: Graph/Network Visualization},
  author = {Richard Iannone},
  year = {2020},
  note = {R package version 1.0.6.1},
  url = {https://github.com/rich-iannone/DiagrammeR},
}

@Manual{R-DiagrammeRsvg,
  title = {DiagrammeRsvg: Export DiagrammeR Graphviz Graphs as SVG},
  author = {Richard Iannone},
  year = {2016},
  note = {R package version 0.1},
  url = {https://github.com/rich-iannone/DiagrammeRsvg},
}

@Manual{R-dplyr,
  title = {dplyr: A Grammar of Data Manipulation},
  author = {Hadley Wickham and Romain François and Lionel {
             Henry} and Kirill Müller},
  year = {2020},
  note = {R package version 1.0.2},
  url = {https://CRAN.R-project.org/package=dplyr},
}

@Manual{R-extrafont,
  title = {extrafont: Tools for using fonts},
  author = {Winston Chang,},
  year = {2014},
  note = {R package version 0.17},
  url = {https://github.com/wch/extrafont},
}

@Manual{R-forcats,
  title = {forcats: Tools for Working with Categorical Variables (Factors)},
  author = {Hadley Wickham},
  year = {2020},
  note = {R package version 0.5.0},
  url = {https://CRAN.R-project.org/package=forcats},
}

@Manual{R-ggplot2,
  title = {ggplot2: Create Elegant Data Visualisations Using the Grammar of Graphics},
  author = {Hadley Wickham and Winston Chang and Lionel Henry and Thomas Lin Pedersen and Kohske Takahashi and Claus Wilke and Kara Woo and Hiroaki Yutani and Dewey Dunnington},
  year = {2020},
  note = {R package version 3.3.2},
  url = {https://CRAN.R-project.org/package=ggplot2},
}

@Manual{R-gridExtra,
  title = {gridExtra: Miscellaneous Functions for "Grid" Graphics},
  author = {Baptiste Auguie},
  year = {2017},
  note = {R package version 2.3},
  url = {https://CRAN.R-project.org/package=gridExtra},
}

@Manual{R-grImport,
  title = {grImport: Importing Vector Graphics},
  author = {Paul Murrell and Richard Walton},
  year = {2019},
  note = {R package version 0.9-3},
  url = {https://CRAN.R-project.org/package=grImport},
}

@Manual{R-Hmisc,
  title = {Hmisc: Harrell Miscellaneous},
  author = {Harrell, Jr., Frank E},
  year = {2020},
  note = {R package version 4.4-2},
  url = {https://CRAN.R-project.org/package=Hmisc},
}

@Manual{R-htmltools,
  title = {htmltools: Tools for HTML},
  author = {Joe Cheng and Carson Sievert and Winston Chang and Yihui Xie and Jeff Allen},
  year = {2020},
  note = {R package version 0.5.0},
  url = {https://github.com/rstudio/htmltools},
}

@Manual{R-kableExtra,
  title = {kableExtra: Construct Complex Table with kable and Pipe Syntax},
  author = {Hao Zhu},
  year = {2020},
  note = {R package version 1.3.1},
  url = {https://CRAN.R-project.org/package=kableExtra},
}

@Manual{R-knitr,
  title = {knitr: A General-Purpose Package for Dynamic Report Generation in R},
  author = {Yihui Xie},
  year = {2020},
  note = {R package version 1.30},
  url = {https://yihui.org/knitr/},
}

@Manual{R-magick,
  title = {magick: Advanced Graphics and Image-Processing in R},
  author = {Jeroen Ooms},
  year = {2020},
  note = {R package version 2.5.2},
  url = {https://CRAN.R-project.org/package=magick},
}

@Manual{R-purrr,
  title = {purrr: Functional Programming Tools},
  author = {Lionel Henry and Hadley Wickham},
  year = {2020},
  note = {R package version 0.3.4},
  url = {https://CRAN.R-project.org/package=purrr},
}

@Manual{R-readr,
  title = {readr: Read Rectangular Text Data},
  author = {Hadley Wickham and Jim Hester},
  year = {2020},
  note = {R package version 1.4.0},
  url = {https://CRAN.R-project.org/package=readr},
}

@Manual{R-rmarkdown,
  title = {rmarkdown: Dynamic Documents for R},
  author = {JJ Allaire and Yihui Xie and Jonathan McPherson and Javier Luraschi and Kevin Ushey and Aron Atkins and Hadley Wickham and Joe Cheng and Winston Chang and Richard Iannone},
  year = {2020},
  note = {R package version 2.5},
  url = {https://github.com/rstudio/rmarkdown},
}

@Manual{R-rsvg,
  title = {rsvg: Render SVG Images into PDF, PNG, PostScript, or Bitmap Arrays},
  author = {Jeroen Ooms},
  year = {2020},
  note = {R package version 2.1},
  url = {https://github.com/jeroen/rsvg#readme},
}

@Manual{R-stringr,
  title = {stringr: Simple, Consistent Wrappers for Common String Operations},
  author = {Hadley Wickham},
  year = {2019},
  note = {R package version 1.4.0},
  url = {https://CRAN.R-project.org/package=stringr},
}

@Manual{R-tibble,
  title = {tibble: Simple Data Frames},
  author = {Kirill Müller and Hadley Wickham},
  year = {2020},
  note = {R package version 3.0.4},
  url = {https://CRAN.R-project.org/package=tibble},
}

@Manual{R-tidyr,
  title = {tidyr: Tidy Messy Data},
  author = {Hadley Wickham},
  year = {2020},
  note = {R package version 1.1.2},
  url = {https://CRAN.R-project.org/package=tidyr},
}

@Manual{R-tidyverse,
  title = {tidyverse: Easily Install and Load the Tidyverse},
  author = {Hadley Wickham},
  year = {2019},
  note = {R package version 1.3.0},
  url = {https://CRAN.R-project.org/package=tidyverse},
}

@Manual{R-tikzDevice,
  title = {tikzDevice: R Graphics Output in LaTeX Format},
  author = {Charlie Sharpsteen and Cameron Bracken},
  year = {2020},
  note = {R package version 0.12.3.2},
  url = {https://github.com/daqana/tikzDevice},
}

@Manual{R-tinytex,
  title = {tinytex: Helper Functions to Install and Maintain TeX Live, and Compile
LaTeX Documents},
  author = {Yihui Xie},
  year = {2020},
  note = {R package version 0.28},
  url = {https://github.com/yihui/tinytex},
}

@Manual{R-XML,
  title = {XML: Tools for Parsing and Generating XML Within R and S-Plus},
  author = {Duncan {Temple Lang}},
  year = {2020},
  note = {R package version 3.99-0.5},
  url = {http://www.omegahat.net/RSXML},
}

@Book{bookdown2016,
  title = {bookdown: Authoring Books and Technical Documents with {R} Markdown},
  author = {Yihui Xie},
  publisher = {Chapman and Hall/CRC},
  address = {Boca Raton, Florida},
  year = {2016},
  note = {ISBN 978-1138700109},
  url = {https://github.com/rstudio/bookdown},
}

@Book{ggplot22016,
  author = {Hadley Wickham},
  title = {ggplot2: Elegant Graphics for Data Analysis},
  publisher = {Springer-Verlag New York},
  year = {2016},
  isbn = {978-3-319-24277-4},
  url = {https://ggplot2.tidyverse.org},
}

@Article{grImport2009,
  title = {Importing Vector Graphics: The {grImport} Package for {R}},
  author = {Paul Murrell},
  journal = {Journal of Statistical Software},
  year = {2009},
  volume = {30},
  number = {4},
  pages = {1--37},
  url = {http://www.jstatsoft.org/v30/i04/},
}

@Book{knitr2015,
  title = {Dynamic Documents with {R} and knitr},
  author = {Yihui Xie},
  publisher = {Chapman and Hall/CRC},
  address = {Boca Raton, Florida},
  year = {2015},
  edition = {2nd},
  note = {ISBN 978-1498716963},
  url = {https://yihui.org/knitr/},
}

@InCollection{knitr2014,
  booktitle = {Implementing Reproducible Computational Research},
  editor = {Victoria Stodden and Friedrich Leisch and Roger D. Peng},
  title = {knitr: A Comprehensive Tool for Reproducible Research in {R}},
  author = {Yihui Xie},
  publisher = {Chapman and Hall/CRC},
  year = {2014},
  note = {ISBN 978-1466561595},
  url = {http://www.crcpress.com/product/isbn/9781466561595},
}

@Book{rmarkdown2018,
  title = {R Markdown: The Definitive Guide},
  author = {Yihui Xie and J.J. Allaire and Garrett Grolemund},
  publisher = {Chapman and Hall/CRC},
  address = {Boca Raton, Florida},
  year = {2018},
  note = {ISBN 9781138359338},
  url = {https://bookdown.org/yihui/rmarkdown},
}

@Book{rmarkdown2020,
  title = {R Markdown Cookbook},
  author = {Yihui Xie and Christophe Dervieux and Emily Riederer},
  publisher = {Chapman and Hall/CRC},
  address = {Boca Raton, Florida},
  year = {2020},
  note = {ISBN 9780367563837},
  url = {https://bookdown.org/yihui/rmarkdown-cookbook},
}

@Article{tidyverse2019,
  title = {Welcome to the {tidyverse}},
  author = {Hadley Wickham and Mara Averick and Jennifer Bryan and Winston Chang and Lucy D'Agostino McGowan and Romain François and Garrett Grolemund and Alex Hayes and Lionel Henry and Jim Hester and Max Kuhn and Thomas Lin Pedersen and Evan Miller and Stephan Milton Bache and Kirill Müller and Jeroen Ooms and David Robinson and Dana Paige Seidel and Vitalie Spinu and Kohske Takahashi and Davis Vaughan and Claus Wilke and Kara Woo and Hiroaki Yutani},
  year = {2019},
  journal = {Journal of Open Source Software},
  volume = {4},
  number = {43},
  pages = {1686},
  doi = {10.21105/joss.01686},
}

@Article{tinytex2019,
  title = {TinyTeX: A lightweight, cross-platform, and easy-to-maintain LaTeX distribution based on TeX Live},
  author = {Yihui Xie},
  journal = {TUGboat},
  year = {2019},
  volumne = {40},
  number = {1},
  pages = {30--32},
  url = {http://tug.org/TUGboat/Contents/contents40-1.html},
}

