
@Manual{Rstudio, 
title = {RStudio: Integrated Development Environment for R}, 
author = {{RStudio Team}}, 
organization = {RStudio, PBC.}, 
address = {Boston, MA}, 
year = {2020}, 
url = {http://www.rstudio.com/}, 
}